<?xml version="1.0" encoding="UTF-8"?><collection><record><leader>05787ntm a2200613 a 4500</leader><controlfield tag="001">006822168</controlfield><controlfield tag="003">MiAaHDL</controlfield><controlfield tag="005">20190719000000.0</controlfield><controlfield tag="006">m        d        </controlfield><controlfield tag="007">cr bn ---auaua</controlfield><controlfield tag="008">090623q17541755xx            00| ||ota d</controlfield><datafield tag="035" ind1=" " ind2=" "><subfield code="a">(MiU)006822168</subfield></datafield><datafield tag="035" ind1=" " ind2=" "><subfield code="a">sdr-miu006822168</subfield></datafield><datafield tag="040" ind1=" " ind2=" "><subfield code="a">MiU</subfield><subfield code="c">MiU</subfield><subfield code="e">amremm</subfield></datafield><datafield tag="041" ind1="0" ind2=" "><subfield code="a">ota</subfield></datafield><datafield tag="043" ind1=" " ind2=" "><subfield code="a">n-us-mi</subfield></datafield><datafield tag="100" ind1="0" ind2=" "><subfield code="6">880-01</subfield><subfield code="a">Sabâyî Hayrettin Çelebi.</subfield></datafield><datafield tag="245" ind1="1" ind2="0"><subfield code="6">880-03</subfield><subfield code="a">Menakıb-ı Hazret-i Üveys el-Karani,</subfield><subfield code="f">[1168, i.e. 1754 or 1755].</subfield></datafield><datafield tag="246" ind1="3" ind2=" "><subfield code="a">Üveys-nâme</subfield></datafield><datafield tag="246" ind1="3" ind2=" "><subfield code="i">Title from inscription on verso of front flyleaf:</subfield><subfield code="a">مناقب حضرت ويس القرنى قدس سره العزيز الغنى</subfield></datafield><datafield tag="260" ind1=" " ind2=" "><subfield code="c">[1754 or 1755].</subfield></datafield><datafield tag="300" ind1=" " ind2=" "><subfield code="a">20 leaves :</subfield><subfield code="b">paper ;</subfield><subfield code="c">209 x 125 (145 x 69) mm.</subfield></datafield><datafield tag="500" ind1=" " ind2=" "><subfield code="a">Shelfmark: Ann Arbor, University of Michigan, Special Collections Library, Isl. Ms. 390</subfield></datafield><datafield tag="500" ind1=" " ind2=" "><subfield code="a">Origin: As appears in colophon on p.37, copied by Osman el-Üveysi (ʻUthmān al-Uwaysī), disciple of Dedezade, with transcription completed 1168 [1754 or 5].</subfield></datafield><datafield tag="500" ind1=" " ind2=" "><subfield code="a">Former shelfmark: "326 T. De M. [i.e. Tammaro De Marinis]" inscribed in pencil on verso of front flyleaf.</subfield></datafield><datafield tag="500" ind1=" " ind2=" "><subfield code="a">Binding: Pasteboards covered in brown leather ; Type II binding (with flap) ; board linings and flyleaves in dark olive green surface-dyed paper ; upper and lower covers carry stamped (red leather recessed onlays) and gold-painted mandorla (filled with vegetal composition, compare Déroche class. OAi 12), pendants and cornerpieces with tooled and gold-painted accents and border (rules defining a gullioché roll) ; design continues on envelope flap ; sewn in red thread, six stations ; overall in somewhat poor condition, fully detached from the text block, with some abrasion, lifting of leather, losses of spine leather (at head and tail where primaries may have been stitched through the spine lining at least), leather burn from envelope flap on upper board lining and front flyleaf, etc.</subfield></datafield><datafield tag="500" ind1=" " ind2=" "><subfield code="a">Support: non-European laid paper with roughly 9 laid lines per cm. (horizontal, fairly distinct, some curving) and occasional irregular chain lines visible, dark cream to beige in color, crisp and transluscent though sturdy, burnished ; flyleaves in European laid paper.</subfield></datafield><datafield tag="500" ind1=" " ind2=" "><subfield code="a">Decoration: Elegant illuminated headpiece (ʻunwān / sarlawḥ) at opening on p.2, consisting of rectangular piece with empty gold cartouche flanked by floral motifs in pink, orange and red on a gold ground, surmounted by w-shaped piece filled with swirling floral vegetal composition mainly in gold and pink with red and orange accents on a gold ground, itself surmounted by vertical stalks (tīgh) in a faint blue, entire piece set in a well of pink and gold bands ; written area surrounded by gold frame defined by black fillets, divisions within surrounded by narrow gold bands outlined by black fillets ; section headings chrysographed.</subfield></datafield><datafield tag="500" ind1=" " ind2=" "><subfield code="a">Script: Nastaʻlīq (talik) ; spacious, elegant hand ; serifless, with effect of words descending to baseline, closed counters, and elongated horizontal strokes.</subfield></datafield><datafield tag="500" ind1=" " ind2=" "><subfield code="a">Layout: Written in 19 lines per page, mainly divided to two columns ; frame-ruled.</subfield></datafield><datafield tag="500" ind1=" " ind2=" "><subfield code="a">Collation: i, 2 V(20), i ; two quinions ; catchwords present ; pagination in pencil, Western numerals, supplied during digitization.</subfield></datafield><datafield tag="500" ind1=" " ind2=" "><subfield code="a">Colophon: "Scribal," triangular, reads "كتبه العبد الضعيف السيد عثمان الاويسى خادم خرقۀ شريف من تلاميذ دده زاده غفر ذنوبه وستر عيوبه سنه ١١٦٨"</subfield></datafield><datafield tag="500" ind1=" " ind2=" "><subfield code="a">Explicit: "اكا رحمت قله خلاق عالم اوقويه فاتحه والله اعلم اوقويانى يازنى دكليانى رحمتكله يارلغه غل ياغنى فاعلات فاعلات فاعلات بيك ... صلوات"</subfield></datafield><datafield tag="500" ind1=" " ind2=" "><subfield code="a">Incipit: "دلا ذكر ايله اول رب رحيمى دى بسم الله الرحمن الرحيمى ... سبب تاليف كتاب كل ايمدى دكله اى عارف بو مابى ... بزم كيم شيخم ويس القرندر كونشدن روشن فخر ارندر ... اوقويالر بو نظم دلكشايى دعادن اكلمه جان صبايى ... اول اقليم مبارك كيم يمندر انك بر كويى وار ادى قرندر ..."</subfield></datafield><datafield tag="500" ind1=" " ind2=" "><subfield code="a">Title from inscription on verso of front flyleaf.</subfield></datafield><datafield tag="500" ind1=" " ind2=" "><subfield code="a">Ms. codex.</subfield></datafield><datafield tag="510" ind1="4" ind2=" "><subfield code="a">Cat. Turk. MSS. Brit. Mus.,</subfield><subfield code="c">p.253</subfield></datafield><datafield tag="510" ind1="4" ind2=" "><subfield code="a">Alpay, G. K. Lāmiʻī Chelebi and his works. JNES, 35 2 (1976).</subfield><subfield code="c">pp.73-93</subfield></datafield><datafield tag="520" ind1="8" ind2=" "><subfield code="a">Elegant copy of the hagiographical work in verse relating the legend of the life and merits of Uways al-Qaranī [Üveys el-Karani] (d.657) by Sabâyî Hayrettin Çelebi Edirnevî.</subfield></datafield><datafield tag="538" ind1=" " ind2=" "><subfield code="a">Mode of access: Internet.</subfield></datafield><datafield tag="541" ind1=" " ind2=" "><subfield code="c">Purchase ;</subfield><subfield code="a">Acquired by purchase (funds donated by Horace Rackham).</subfield><subfield code="d">1924.</subfield></datafield><datafield tag="546" ind1=" " ind2=" "><subfield code="a">Ottoman Turkish.</subfield></datafield><datafield tag="561" ind1=" " ind2=" "><subfield code="a">Rare marginal correction (see p.21).</subfield></datafield><datafield tag="600" ind1="0" ind2="0"><subfield code="a">Muḥammad,</subfield><subfield code="c">Prophet,</subfield><subfield code="d">-632</subfield><subfield code="x">Friends and associates</subfield><subfield code="v">Early works to 1800.</subfield></datafield><datafield tag="600" ind1="0" ind2="0"><subfield code="a">Uways al-Qaranī,</subfield><subfield code="d">7th century.</subfield></datafield><datafield tag="650" ind1=" " ind2="0"><subfield code="a">Manuscripts, Turkish</subfield><subfield code="z">Michigan</subfield><subfield code="z">Ann Arbor.</subfield></datafield><datafield tag="650" ind1=" " ind2="0"><subfield code="a">Sufism</subfield><subfield code="v">Early works to 1800.</subfield></datafield><datafield tag="655" ind1=" " ind2="7"><subfield code="a">Headpieces (layout features)</subfield><subfield code="y">18th century.</subfield><subfield code="2">aat</subfield></datafield><datafield tag="700" ind1="0" ind2=" "><subfield code="a">Abdülhamid</subfield><subfield code="b">II,</subfield><subfield code="c">Sultan of the Turks,</subfield><subfield code="d">1842-1918,</subfield><subfield code="e">former owner.</subfield></datafield><datafield tag="700" ind1="0" ind2=" "><subfield code="6">880-07</subfield><subfield code="a">Osman el-Üveysi,</subfield><subfield code="d">fl. 1754,</subfield><subfield code="e">scribe.</subfield></datafield><datafield tag="773" ind1="0" ind2=" "><subfield code="a">Abdul Hamid Collection.</subfield></datafield><datafield tag="880" ind1="0" ind2=" "><subfield code="6">700-07/</subfield><subfield code="a">عثمان الاويسى,</subfield><subfield code="e">ناسخ.</subfield></datafield><datafield tag="880" ind1="1" ind2="0"><subfield code="6">245-03/</subfield><subfield code="a">مناقب حضرت اويس القرنى,</subfield><subfield code="f">[1168ه، 1754 او 1755م].</subfield></datafield><datafield tag="880" ind1="0" ind2=" "><subfield code="6">100-01/</subfield><subfield code="a">صبايى خير الدين چلبی.</subfield></datafield><datafield tag="CID" ind1=" " ind2=" "><subfield code="a">006822168</subfield></datafield><datafield tag="DAT" ind1="0" ind2=" "><subfield code="a">20190719102640.0</subfield><subfield code="b">20190719000000.0</subfield></datafield><datafield tag="DAT" ind1="1" ind2=" "><subfield code="a">20190719090653.0</subfield><subfield code="b">2019-07-19T16:12:05Z</subfield></datafield><datafield tag="DAT" ind1="2" ind2=" "><subfield code="a">2015-10-02T18:00:03Z</subfield></datafield><datafield tag="CAT" ind1=" " ind2=" "><subfield code="a">SDR-MIU</subfield><subfield code="d">EX LIBRIS - ALEPH</subfield><subfield code="l">prepare.pl-004-008</subfield></datafield><datafield tag="FMT" ind1=" " ind2=" "><subfield code="a">BK</subfield></datafield><datafield tag="HOL" ind1=" " ind2=" "><subfield code="0">sdr-miu006822168</subfield><subfield code="a">MiU</subfield><subfield code="b">SDR</subfield><subfield code="c">MIU</subfield><subfield code="p">mdp.39015079130574</subfield><subfield code="s">MIU</subfield><subfield code="1">006822168</subfield></datafield><datafield tag="974" ind1=" " ind2=" "><subfield code="b">MIU</subfield><subfield code="c">MIU</subfield><subfield code="d">20190719</subfield><subfield code="s">lit-dlps-dc</subfield><subfield code="u">mdp.39015079130574</subfield><subfield code="y">1755</subfield><subfield code="r">pd</subfield><subfield code="q">bib</subfield><subfield code="t">non-US bib date2 &lt; 1879</subfield></datafield></record></collection>